% This file was created with JabRef 2.8.
% Encoding: UTF8
% This file was created with JabRef 2.8.
% Encoding: UTF8

@article{forero2019analysis,
  title={Analysis of the use of Renewable Energies in Colombia and the Potential Application of Thermoelectric Devices for Energy Recovery},
  author={Forero, Jorge Duarte and Hernandez, Brando and Orozco, Wilman and Acu{\~n}a, Norberto and Wilches, Mar{\'\i}a Jimena},
  journal={International Journal of Energy Economics and Policy},
  volume={9},
  number={5},
  pages={125},
  year={2019},
  publisher={Econjournals}
}

@article{UPME_plan2019,
    author = {{Energy Mining Planning Unit (UPME)}},
	title = {Plan Energético Nacional 2020-2050},
	journal = {Unidad de Planeación Minero Energética (UPME)},
	pages={83},
	year = {2019},
}

@misc{UPME_balance_2018,
    author = {{Energy Mining Planning Unit (UPME)}},
	title = {Balance energético colombiano - {BECO}},
	url = {https://www1.upme.gov.co/InformacionCifras/Paginas/BalanceEnergetico.aspx},
	language = {Español},
	urldate = {2020-08-27},
	journal = {Portal UPME},
	year = {2018}
}

@misc{iadb_3_2015,
    author = {Ramón Espinoza},
	title = {3 datos interesantes sobre la energía en {Colombia}},
	url = {https://blogs.iadb.org/energia/es/3-datos-interesantes-sobre-la-energia-en-colombia/},
	language = {Español},
	urldate = {2020-08-28},
	journal = {Interamerican Development Bank},
	month = oct,
	year = {2015}
}

@misc{iea_data_2017,
	title = {Data and statistics - {Colombia}},
	url = {https://www.iea.org/data-and-statistics?country=COLOMBIA},
	urldate = {2020-08-28},
	journal = {Data and statistics},
	author = {International Energy Agency (IEA)},
	year = {2017}
}

@techreport{dnp_energy_supply_2017-1,
	title = {Energy {Supply} {Situation} in {Colombia}},
	number = {1},
	institution = {National Planning Department (DNP)},
	author = {{National Planning Department (DNP)} and {Enersinc}},
	collaborator = {World Bank and Korea Green Growth Partnership},
	year = {2017},
}

@techreport{dnp_energy_demand_2017-2,
	title = {Energy {Demand} {Situation} in {Colombia}},
	number = {2},
	institution = {National Planning Department (DNP)},
	author = {{National Planning Department (DNP)} and Enersinc},
	collaborator = {World Bank and Korea Green Growth Partnership},
	year = {2017},
}

@techreport{dnp_green_growth_2018,
	title = {Green {Growth} {Energy} {Proporsals}},
	number = {3},
	institution = {National Planning Department (DNP)},
	author = {{National Planning Department (DNP)} and {Enersinc}},
	collaborator = {{World Bank} and {Korea Green Growth Partnership}},
	year = {2018},
}

@article{nieves2019energy,
  title={Energy demand and greenhouse gas emissions analysis in Colombia: A LEAP model application},
  author={Nieves, JA and Aristiz{\'a}bal, AJ and Dyner, I and B{\'a}ez, O and Ospina, DH},
  journal={Energy},
  volume={169},
  pages={380--397},
  year={2019},
  publisher={Elsevier}
}

@article{lopez2020solar,
  title={Solar PV generation in Colombia-A qualitative and quantitative approach to analyze the potential of solar energy market},
  author={L{\'o}pez, Andrea Ru{\'\i}z and Krumm, Alexandra and Schattenhofer, Lukas and Burandt, Thorsten and Montoya, Felipe Corral and Oberl{\"a}nder, Nora and Oei, Pao-Yu},
  journal={Renewable Energy},
  volume={148},
  pages={1266--1279},
  year={2020},
  publisher={Elsevier}
}

@article{obregon2019study,
  title={Study on the Applicability of Sustainable Development Policies in Electricity Generation Systems in Colombia},
  author={Obregon, Luis and Valencia, Guillermo and Duarte, Jorge and others},
  journal={International Journal of Energy Economics and Policy},
  volume={9},
  number={6},
  pages={492--502},
  year={2019},
  publisher={Econjournals}
}

@article{rodriguez2018photovoltaic,
  title={Photovoltaic energy in Colombia: current status, inventory, policies and future prospects},
  author={Rodr{\'\i}guez-Urrego, Daniella and Rodr{\'\i}guez-Urrego, Leonardo},
  journal={Renewable and Sustainable Energy Reviews},
  volume={92},
  pages={160--170},
  year={2018},
  publisher={Elsevier}
}

@misc{dane_population_2020,
    title={Demografía y población: Censo Nacional de Población y Vivienda 2018},
    author={{National Administrative Department of Statistics (DANE)}},
    url={https://www.dane.gov.co/index.php/estadisticas-por-tema/demografia-y-poblacion},
    year={2019}
}

@misc{dane_gdp_2020,
    title={Cuentas Nacionales: Producto Interno Bruto - {Gross} {Domestic} {Product}},
    author={{National Administrative Department of Statistics (DANE)}},
    url={https://www.dane.gov.co/index.php/estadisticas-por-tema/cuentas-nacionales},
    year={2020}
}

@misc{world_bank_data,
    title={{World}{Bank}{Open}{Data}},
    author={{World Bank}},
    url={https://data.worldbank.org/},
    year={2019}
}